<collection xmlns="http://www.loc.gov/MARC21/slim">
<record>
  <leader>01260nam0a22002411i 450 </leader>
  <controlfield tag="001">IT\ICCU\CNCE\021296</controlfield>
  <controlfield tag="005">20160426000000.0</controlfield>
  <datafield tag="012" ind1=" " ind2=" ">
    <subfield code="a">no66 e-o. sen&apos; nisa (3) 1567 (R)</subfield>
    <subfield code="2">fei</subfield>
  </datafield>
  <datafield tag="100" ind1=" " ind2=" ">
    <subfield code="a">19970101d1567        0itac0103    ba</subfield>
  </datafield>
  <datafield tag="101" ind1=" " ind2=" ">
    <subfield code="a">ITA</subfield>
  </datafield>
  <datafield tag="102" ind1=" " ind2=" ">
    <subfield code="a">IT</subfield>
  </datafield>
  <datafield tag="200" ind1="1" ind2=" ">
    <subfield code="a">Divina predestinatione ristretta in cinque capitoli dal r.p. fra Girolamo Dinami calabrese cappuccino, predicando, e leggendo in Venetia, a Santo Apostolo ne l&apos;anno 1565 e dal medesimo in molti luoghi ampliata, e con migliore deligentia ristampata in Taranto</subfield>
  </datafield>
  <datafield tag="210" ind1=" " ind2=" ">
    <subfield code="e">In Taranto</subfield>
    <subfield code="g">per Quintiliano Campo</subfield>
    <subfield code="h">nel primo del mese di marzo 1567</subfield>
  </datafield>
  <datafield tag="215" ind1=" " ind2=" ">
    <subfield code="a">\3!, 31 c</subfield>
  </datafield>
  <datafield tag="620" ind1=" " ind2=" ">
    <subfield code="a">IT</subfield>
    <subfield code="d">Taranto</subfield>
  </datafield>
  <datafield tag="700" ind1=" " ind2="0">
    <subfield code="a">Girolamo</subfield>
    <subfield code="c"> : da#Dinami</subfield>
    <subfield code="3">IT\ICCU\CNCA\006139</subfield>
  </datafield>
  <datafield tag="712" ind1="0" ind2="0">
    <subfield code="a">Campo, Quintiliano</subfield>
    <subfield code="3">IT\ICCU\CNCT\002070</subfield>
    <subfield code="4">650</subfield>
  </datafield>
  <datafield tag="790" ind1=" " ind2="1">
    <subfield code="a">Dinami,</subfield>
    <subfield code="b">Girolamo</subfield>
    <subfield code="3">IT\ICCU\CNCA\006140</subfield>
    <subfield code="z">Girolamo : da#Dinami</subfield>
  </datafield>
  <datafield tag="790" ind1=" " ind2="0">
    <subfield code="a">Girolamo</subfield>
    <subfield code="c"> : da#Dinamo</subfield>
    <subfield code="3">IT\ICCU\CNCA\019860</subfield>
    <subfield code="z">Girolamo : da#Dinami</subfield>
  </datafield>
  <datafield tag="801" ind1=" " ind2="3">
    <subfield code="a">IT</subfield>
    <subfield code="b">ICCU</subfield>
    <subfield code="c">20201114</subfield>
  </datafield>
  <datafield tag="899" ind1=" " ind2=" ">
    <subfield code="a">Biblioteca Apostolica Vaticana. Citt ̉del Vaticano</subfield>
    <subfield code="1">EX0001</subfield>
    <subfield code="2">ZCV 01</subfield>
  </datafield>
  <datafield tag="911" ind1=" " ind2=" ">
    <subfield code="a">Sul front.</subfield>
    <subfield code="9">IT\ICCU\CNCM\001321</subfield>
  </datafield>
  <datafield tag="921" ind1=" " ind2=" ">
    <subfield code="a">IT\ICCU\CNCM\001321</subfield>
    <subfield code="b">Fortuna (donna in mare su delfino con vela al vento)</subfield>
    <subfield code="e">Quo maggis ima petit eo tandem alta tenet</subfield>
    <subfield code="c">Z1203</subfield>
    <subfield code="f">FORTUNA</subfield>
    <subfield code="f">DONNA</subfield>
    <subfield code="f">VELA</subfield>
    <subfield code="g">1567</subfield>
  </datafield>
</record>
</collection>
